@article{augmented_random_search,
  author    = {Mingyang Geng and
               Kele Xu and
               Bo Ding and
               Huaimin Wang and
               Lei Zhang},
  title     = {Learning data augmentation policies using augmented random search},
  journal   = {CoRR},
  volume    = {abs/1811.04768},
  year      = {2018},
  url       = {http://arxiv.org/abs/1811.04768},
  eprinttype = {arXiv},
  eprint    = {1811.04768},
  timestamp = {Fri, 23 Nov 2018 12:43:51 +0100},
  biburl    = {https://dblp.org/rec/journals/corr/abs-1811-04768.bib},
  bibsource = {dblp computer science bibliography, https://dblp.org}
}

@misc{learning_data_augmentation_2,
      title={Learning Data Augmentation Strategies for Object Detection}, 
      author={Barret Zoph and Ekin D. Cubuk and Golnaz Ghiasi and Tsung-Yi Lin and Jonathon Shlens and Quoc V. Le},
      year={2019},
      eprint={1906.11172},
      archivePrefix={arXiv},
      primaryClass={cs.CV}
}

@misc{populaion_based_augmentatio_3,
      title={Population Based Augmentation: Efficient Learning of Augmentation Policy Schedules}, 
      author={Daniel Ho and Eric Liang and Ion Stoica and Pieter Abbeel and Xi Chen},
      year={2019},
      eprint={1905.05393},
      archivePrefix={arXiv},
      primaryClass={cs.CV}
}

@misc{cubuk_autoaugment_4,
      title={AutoAugment: Learning Augmentation Policies from Data}, 
      author={Ekin D. Cubuk and Barret Zoph and Dandelion Mane and Vijay Vasudevan and Quoc V. Le},
      year={2019},
      eprint={1805.09501},
      archivePrefix={arXiv},
      primaryClass={cs.CV}
}